<?xml version="1.0" encoding="UTF-8"?><collection xmlns="http://www.loc.gov/MARC21/slim"><record><leader>00527nam--2200193-i-4500</leader><controlfield tag="001">000036684</controlfield><controlfield tag="002">20161230</controlfield><controlfield tag="005">20161230201041</controlfield><controlfield tag="008">060222s1000------------r-----000-0-rus-d</controlfield><datafield ind1=" " ind2=" " tag="040"><subfield code="a">IFIN-HH</subfield></datafield><datafield ind1=" " ind2=" " tag="041"><subfield code="a">rus</subfield></datafield><datafield ind1=" " ind2=" " tag="080"><subfield code="a">533.9</subfield></datafield><datafield ind1="1" ind2=" " tag="100"><subfield code="a">Ghinzburg, V. L</subfield></datafield><datafield ind1="1" ind2="0" tag="245"><subfield code="a">Volni v magnitoaktivnoi plazme</subfield><subfield code="c">V.L. Ghinzburg, A.A. Ruhadze</subfield></datafield><datafield ind1=" " ind2=" " tag="260"><subfield code="a">Moskva</subfield><subfield code="b">Fiziko-Matematiceskoi Litaraturi</subfield><subfield code="c">1970</subfield></datafield><datafield ind1=" " ind2=" " tag="490"><subfield code="a">Sovremennie problemi fiziki</subfield></datafield><datafield ind1="1" ind2=" " tag="700"><subfield code="a">Ruhadze, A.A</subfield></datafield><datafield ind1=" " ind2=" " tag="852"><subfield code="a">33865</subfield><subfield code="c">533.9</subfield></datafield><datafield ind1=" " ind2=" " tag="CAT"><subfield code="a">Sys</subfield><subfield code="c">20100923</subfield><subfield code="h">132948</subfield></datafield></record></collection>